@misc{rtk20,
author = {Rastertek},
title = {{Tutorial 20: Bump Mapping}},
howpublished = "Available at: \url{https://www.rastertek.com/dx11tut20.html}",
note = {(Accessed: 28 December 2022)}
}

@misc{bkshd05,
author = {Vivo, P. G. and Lowe, J.},
title = {{The Book of Shaders: Shaping Functions}},
howpublished = "Available at: \url{https://thebookofshaders.com/05/}",
note = {(Accessed: 28 December 2022)}
} 

@misc{bkshd09,
author = {Vivo, P. G. and Lowe, J.},
title = {{The Book of Shaders: Patterns	}},
howpublished = "Available at: \url{https://thebookofshaders.com/09/}",
note = {(Accessed: 30 December 2022)}
} 

@misc{bkshd12,
author = {Vivo, P. G. and Lowe, J.},
title = {{The Book of Shaders: More Noise}},
howpublished = "Available at: \url{https://thebookofshaders.com/12/}",
note = {(Accessed: 30 December 2022)}
} 
 
@misc{lmb16,
author = {Lamb, E.},
year = {2016},
title = {{A Few of My Favorite Spaces: The SNCF Metric}},
howpublished = "Available at: \url{https://blogs.scientificamerican.com/roots-of-unity/a-few-of-my-favorite-spaces-the-sncf-metric/}",
note = {(Accessed: 30 December 2022)}
} 

@misc{ptmthSNCF,
author = {Planetmath},
title = {{SNCF Metric}},
howpublished = "\url{https://planetmath.org/sncfmetric}",
note = {(Accessed: 30 December 2022)}
} 

@misc{mhr13,
author = {Maher, J.},
year = {2013},
title = {{Free Fall, Part 2: Murder on the Zinderneuf}},
howpublished = "Available at: \url{https://www.filfre.net/2013/02/free-fall-part-2-murder-on-the-zinderneuf/}",
note = {(Accessed: 8 January 2023)}
} 

@inproceedings{vbrg09,
author = {Vassberg, D. and Vassberg, J.},
title = {{`Is Einstein's Puzzle Over-Specified?'}},
booktitle = {\textit{21st Century Challenges in Computational Engineering and Science}},
year = {2009},
pages = {},
address = {Princeton University, NJ, USA: November}
}

@book{cgry22,
author = {{Color Gray Games}},
year = {2022},
title = {The Case of the Golden Idol},
publisher = {Playstack}
} 

@book{ffa83,
author = {{Free Fall Associates}},
year = {1983},
title = {Murder on the Zinderneuf},
publisher = {Electronic Arts}
} 

@book{pope18,
author = {Pope, L.},
year = {2018},
title = {\textit{Return of the Obra Dinn}},
publisher = {3909}
} 

@book{frxs16,
author = {{Firaxis Games}},
year = {2016},
title = {\textit{Sid Meier's Civilization VI}},
publisher = {2K Games}
} 

@incollection{cmptn19,
author	= {Compton, K.},
title = {{`Getting Started with Generators'}},
booktitle= {\textit{Procedural Storytelling in Game Design}},
publisher = {Boca Raton, FL, USA: Taylor \& Francis},
editor = {Short, T.X. and Adams, T.},
edition = {$2^{\textrm{nd}}$}, 
pages = {3-17},
year = {2019}
}

@incollection{cook19,
author	= {Cook, M.},
title = {{`Ethical Procedural Generation'}},
booktitle= {\textit{Procedural Storytelling in Game Design}},
publisher = {Boca Raton, FL, USA: Taylor \& Francis},
editor = {Short, T.X. and Adams, T.},
edition = {$2^{\textrm{nd}}$}, 
pages = {49-62},
year = {2019}
}

@book{hlnd92,
author = {Holland, J.},
title     = {{Adaptation in Natural and Artificial Systems: An Introductory Analysis with Applications to Biology, Control, and Artificial Intelligence}},
publisher = {Cambridge, MA, USA: MIT Press},
year = {1992},
edition = {$1^{\textrm{st}}$}, 
}

@article{hbwln17,
author = {Haubenwallner, Karl and Seidel, Hans‚ÄêPeter and Steinberger, Markus},
year = {2017},
month = {05},
pages = {213-223},
title = {{ShapeGenetics: Using Genetic Algorithms for Procedural Modeling}},
volume = {36},
journal = {Computer Graphics Forum},
doi = {10.1111/cgf.13120}
}

@inproceedings{gbsn91,
author = {Gibson, P.M. and Byrne, J.A.},
booktitle = {\textit{1991 Second International Conference on Artificial Neural Networks}}, 
title = {{`NEUROGEN, Musical Composition Using Genetic Algorithms and Cooperating Neural Networks'}}, 
year = {1991},
volume = {},
number = {},
address = {Bournemouth, UK: 18-20 November}
}

@misc{gmtkDTCT,
author = {{Game Maker's Toolkit}},
title = {{What Makes a Good Detective Game?}},
howpublished = "(online video) Available at: \url{https://www.youtube.com/watch?v=gwV_mA2cv_0}",
note = {(Accessed: 11 January 2022)},
year = {2017}
} 

@misc{gmtkOBRA,
author = {{Game Maker's Toolkit}},
title = {{How Return of the Obra Dinn Turns You Into a Detective}},
howpublished = "(online video) Available at: \url{https://www.youtube.com/watch?v=V0qxLrFycrc}",
note = {(Accessed: 11 January 2022)},
year = {2018}
} 

@phdthesis{ryan18,
author = {Ryan, J.},
year = {2018},
month = {12},
pages = {},
title = {{Curating Simulated Storyworlds}},
school = {University of California, Santa Cruz}
}

@techreport{kln73,
author = {{Klein, S. \textit{et al}}},
year = {1973},
pages = {},
title = {{Automatic Novel Writing: A Status Report}},
institution = {University of Wisconsin, Madison}
}